<record><leader>00000cas a22000007a 4500</leader><controlfield tag="001">14219344</controlfield><controlfield tag="008">860915d18441855vauwr ne      0    0eng  </controlfield><datafield ind1=" " ind2=" " tag="010"><subfield code="a">sn 86071927 </subfield></datafield><datafield ind1=" " ind2=" " tag="040"><subfield code="a">DLC</subfield><subfield code="b">eng</subfield><subfield code="c">DLC</subfield><subfield code="d">NPH</subfield><subfield code="d">NVK</subfield><subfield code="d">OCL</subfield><subfield code="d">OCLCO</subfield><subfield code="d">OCLCQ</subfield><subfield code="d">OCLCF</subfield></datafield><datafield ind1="1" ind2=" " tag="029"><subfield code="a">AU@</subfield><subfield code="b">000025794587</subfield></datafield><datafield ind1=" " ind2=" " tag="042"><subfield code="a">msc</subfield></datafield><datafield ind1=" " ind2=" " tag="043"><subfield code="a">n-us-va</subfield></datafield><datafield ind1="0" ind2="0" tag="050"><subfield code="a">Newspaper 10146</subfield></datafield><datafield ind1="0" ind2="4" tag="245"><subfield code="a">The Republican and Virginia constitutionalist.</subfield></datafield><datafield ind1="1" ind2="7" tag="246"><subfield code="a">Republican</subfield></datafield><datafield ind1="1" ind2="3" tag="246"><subfield code="a">Constitutionalist</subfield></datafield><datafield ind1=" " ind2=" " tag="260"><subfield code="a">Wytheville, Va. :</subfield><subfield code="b">Foushee &amp; Rhoton</subfield></datafield><datafield ind1=" " ind2=" " tag="300"><subfield code="a">v.</subfield></datafield><datafield ind1=" " ind2=" " tag="310"><subfield code="a">Weekly</subfield></datafield><datafield ind1="1" ind2=" " tag="362"><subfield code="a">Began with Jan. 1, 1844 issue; ceased in 1855.</subfield><subfield code="z">Cf. Cappon, L.J. Va. newspapers.</subfield></datafield><datafield ind1=" " ind2=" " tag="530"><subfield code="a">Also issued on microfilm from the University of Virginia.</subfield></datafield><datafield ind1=" " ind2=" " tag="588"><subfield code="a">Description based on: Vol. 1, no. 12 (Mar. 20, 1844).</subfield></datafield><datafield ind1=" " ind2="0" tag="651"><subfield code="a">Wytheville (Va.)</subfield><subfield code="v">Newspapers.</subfield></datafield><datafield ind1=" " ind2="7" tag="655"><subfield code="a">Newspapers.</subfield><subfield code="2">fast</subfield><subfield code="0">(OCoLC)fst01423814</subfield></datafield><datafield ind1=" " ind2="7" tag="651"><subfield code="a">Virginia</subfield><subfield code="z">Wytheville.</subfield><subfield code="2">fast</subfield><subfield code="0">(OCoLC)fst01222310</subfield></datafield><datafield ind1=" " ind2=" " tag="752"><subfield code="a">United States</subfield><subfield code="b">Virginia</subfield><subfield code="c">Wythe</subfield><subfield code="d">Wytheville.</subfield></datafield><datafield ind1="0" ind2="0" tag="785"><subfield code="t">Democratic sentinel (Wytheville, Va.)</subfield></datafield></record>